% bib on bibtex 
@misc{BibPat,
    author  = {Oren Patashnik},
    title   = {BibTEXing},
    month   = {2.},
    year    = {1988},
    howpublished = {manuscript}
}
@misc{BibMar,
    author  = {Nicolas Markey},
    title   = {Tame the BeaST - The B to X of BibTEX},
    month   = {10.},
    year    = {2009},
    howpublished = {manuscript},
    note    = {markey@lsv.ens-cachan.fr}
}

% bib on creating an index using makeindex 
@misc{MkIdxMoe,
    author  = {Peter M{\"o}sgen},
    title   = {Makeindex {S}achregister erstellen mit {{\LaTeX}}},
    month   = {5.},
    year    = {1998},
    howpublished   = {Katholische Universit{\"a}t Eichst{\"a}tt Universit{\"a}tsrechenzentrum},
}
@misc{MkIdxLam,
    author  = {Leslie Lamport},
    title   = {{M}ake{I}ndex : {A}n {I}ndex {P}rocessor {F}or {{\LaTeX}}},
    month   = {2.},
    year    = {1987}
}
@Manual{MkidxShIdxP,
  title = 	 {Standard {{\LaTeX}} 2$\epsilon$ packages makeidx and showidx},
  author = 	 {J. Braams and L. Lamport and D. Carlisle and 
F. Mittelbach and R. Sch{\"o}pf and A. Jeffrey and C. Rowley},
  organization = {{{\LaTeX}} Project},
  address = 	 {\url{http://latex-project.org/bugs.html}},
  month = 	 {9.},
  year = 	 {2014}
}

@Misc{MakeIdxOpts,
  title = 	 {Make{I}ndex - ein {I}ndexprozessor fuer {{\LaTeX}}},
  key =          {LRZ},
  howpublished = {\url{https://www.lrz.de} Menues: services,software,textverarbeitung,makeindex}},
  note = 	 {LRZ:  Leibnitz Rechenzentrum der Bayerischen Akademie der Wissenschaften},
  annote = 	 {LRZ:  Leibnitz Rechenzentrum der Bayerischen Akademie der Wissenschaften}
}


@Misc{UpMendex,
  title = 	 {upmendex manual pages},
  author =       {Takuji Tanaka},
  howpublished = {\url{https://ctan.org/pkg/upmendex/} \url{https://github.com/t-tk/upmendex-package}},
  month = 	 {2.},
  year = 	 {2020},
  note = 	 {Version 0.54, contact: ttk@t-lab.poal.ne.jp},
  annote = 	 {}
}

% multiindex
@Manual{IndexP,
  title = 	 {A new implementation of {{\LaTeX}}{'}s indexing commands},
  author = 	 {David M. Jones},
  address = 	 {\footnotesize\url{https://www.ctan.org/tex-archive/macros/latex/contrib/index?lang=en}},
  edition = 	 {v4.1beta},
  month = 	 {9.},
  year = 	 {1995}
}
@Manual{AmsmidxP,
  title = 	 {The amsmidx package},
  author = 	 {B. Beeton},
  organization = {American Mathematical Society},
  address = 	 {\url{https://www.ctan.org/pkg/amsmidx}},
  edition = 	 {Version 2.02},
  month = 	 {9.},
  year = 	 {2007}
}
@Manual{SplitidxP,
  title = 	 {Creating More Than One Index Using splitidx and SplitIndex},
  author = 	 {M. Kohm},
  address = 	 {\url{https://www.ctan.org/pkg/splitindex?lang=en}},
  edition = 	 { v1.2c},
  month = 	 {2.},
  year = 	 {2016},
  note = 	 {komascript@gmx.info}
}


@Manual{ImakeidxP,
  title = 	 {The package imakeidx},
  author = 	 {E. Gregorio},
  address = 	 {\url{https://www.ctan.org/pkg/imakeidx}},
  edition = 	 {v1.3e},
  month = 	 {10.},
  year = 	 {2016},
  note = 	 {Enrico.Gregorio@univr.it}
}

% bib on glossaries 


@Misc{GloPGuide,
  author = 	 {N. L.C. Talbot},
  title = 	 {The glossaries package v4.26: a guide for beginners},
  year = 	 {2016},
  month = 	 {10.}, 
  howpublished = {\url{https://www.ctan.org/pkg/glossaries?lang=de}}
}

@Manual{GloP,
  title = 	 {User Manual for glossaries.sty v4.26},
  author = 	 {N. L.C. Talbot},
 organization =  {dickimaw-books},
  address = 	 {\url{http://www.dickimaw-books.com/}},
  month = 	 {10.},
  year = 	 {2016}
}

% writing bibliography, index and glossary into the table of contents 


@Manual{TocBibIndP,
  title = 	 {The tocbibind package},
  author = 	 {P. Wilson and H. Press},
  organization = {latex-project},
  address = 	 {\url{https://www.ctan.org/pkg/tocbibind?lang=de}},
  edition = 	 {v1.5k},
  month = 	 {10.},
  year = 	 {2010},
  OPTnote = 	 {Maintainer: Will Robertson: will.robertson@latex-project.org}
}

% bib of graphic formats and inclusion of graphics in general 

@Manual{ImpoP,
  title = 	 {The import package},
  author = 	 {Donald Arseneau},
  address = 	 {asnd@triumf.ca},
  month = 	 {3.},
  year = 	 {2009},
  note = 	 {This manual corresponds to import v5.1, dated 23–Mar–2009.}
}

% should not be used. 
@Manual{ColorP,
  title = 	 {The color package},
  author = 	 {D. P. Carlisle},
  edition = 	 {v1.1e},
  month = 	 {7.},
  year = 	 {2016}
}

@Manual{XColorP,
  title = 	 {Extending {{\LaTeX}}{'}s color facilities: the xcolor package},
  author = 	 {Uwe Kern},
  address = 	 {\url{www.ukern.de/tex/xcolor.html}, xcolor@ukern.de},
  edition = 	 {v2.12},
  month = 	 {5.},
  year = 	 {2016}
}

%  address  is heiko.oberdiek at googlemail.com

@Manual{TransP,
  title = 	 {The transparent package},
  author = 	 {Heiko Oberdiek},
  edition = 	 {v1.1},
  month = 	 {5.},
  year = 	 {2016}
}

@Article{XSpline,
  author = 	 {Carole Blanc and Christophe Schlick},
  title = 	 {X-Splines: A Spline Model Designed for the End-User},
  journal = 	 {Proceedings of SIGGRAPH},
  year = 	 {1995},
  pages = 	 {377-386},
  month = 	 {8.},
  note = 	 {LaBRI: Laboratoire Bordelais de Recherche en Informatique 
(Université Bordeaux I and Centre National de la Recherche Scientifique). }
}

@Misc{XFigF,
  author = 	 {Ernst Rei\ss ner},
  title = 	 {The xfig file format for xfig 3.2},
  howpublished = {\url{http://www.simuline.eu/LatexMavenPlugin/xfig/xfigFormat.pdf}},
  month = 	 {12.},
  year = 	 {2016}
}

@Manual{EEpic,
  title = 	 {{EEPIC} Extensions to epic and {{\LaTeX}} {P}icture {E}nvironment {V}ersion 1.1},
  author = 	 {C. Kwok},
  organization = {Department of Electrical Engineering and Computer Science,
University of California},
  address = 	 {Davis, California},
  month = 	 {2.},
  year = 	 {1988},
  note = 	 {\url{https://www.ctan.org/pkg/eepic?lang=de}}
}

@Manual{TikzPGF,
  title = 	 {{TikZ} and {PGF} {M}anual for {V}ersion 3.0.1a},
  author = 	 {T. Tantau},
  organization = {Institut für Theoretische Informatik, 
Universität zu Lübeck},
  address = 	 {Lübeck, Germany},
  month = 	 {8.},
  year = 	 {2015},
  note = 	 {\url{http://sourceforge.net/projects/pgf}}
}

@Manual{GraX,
  title = 	 {{P}ackages in the {`}graphics{'} bundle},
  author = 	 {D. P. Carlisle},
  address = 	 {\url{https://www.ctan.org/pkg/graphicx}},
  month = 	 {5.},
  year = 	 {2016},
  note = 	 {The {{\LaTeX}}3 Project}
}

@Manual{GnuPlot,
  title = 	 {gnuplot 5.4 -- {A}n {I}nteractive {P}lotting {P}rogram},
  author = 	 {Thomas Williams and Colin Kelley},
  address = 	 {\url{http://sourceforge.net/projects/gnuplot}},
  month = 	 {7.},
  year = 	 {2020},
  note = 	 {Version 5.4}
}
@Manual{GnuPlot5_0,
  title = 	 {gnuplot 5.0 -- {A}n {I}nteractive {P}lotting {P}rogram},
  author = 	 {Thomas Williams and Colin Kelley},
  address = 	 {\url{http://sourceforge.net/projects/gnuplot}},
  month = 	 {1.},
  year = 	 {2016},
  note = 	 {Version 5.0.2}
}

@TechReport{Svg11,
  author = 	 {Erik Dahlström and al.},
  title = 	 {{S}calable {V}ector {G}raphics {(SVG)} 1.1 {S}pecification},
  institution =  {W3C},
  year = 	 {2011},
  address = 	 {\url{https://www.w3.org/TR/SVG/}},
  month = 	 {8.}
}

@TechReport{Svg12Tiny,
  author = 	 {Ola Andersson and al.},
  title = 	 {{S}calable {V}ector {G}raphics {(SVG)} {T}iny 1.2 {S}pecification},
  institution =  {W3C},
  year = 	 {2008},
  address = 	 {\url{https://www.w3.org/TR/SVG/}},
  month = 	 {12.}
}

@TechReport{SvgTut,
  author = 	 {David Duce and Ivan Herman and Bob Hopgood},
  title = 	 {SVG Tutorial},
  institution =  {Oxford Brookes University, W2C},
  year = 	 {2002}
}

@Manual{SvgP,
  title = 	 {The svg Package},
  author = 	 {Philip Ilten},
  edition = 	 {v1.0},
  month = 	 {9.},
  year = 	 {2012},
  note = 	 {philten@cern.ch}
}

@Manual{MPost,
  title = 	 {METAPOST, a user{'}s manual},
  author = 	 {John D. Hobby},
  month = 	 {5.},
  year = 	 {2014},
  note = 	 {for version 1.999}
}

@Manual{BmpP,
  title = 	 {The bmpsize package},
  author = 	 {Heiko Oberdiek},
  address = 	 {heiko.oberdiek@googlemail.com},
  edition = 	 {v1.7},
  month = 	 {5.},
  year = 	 {2016}
}

% auctex

@Manual{AucTeX,
  title = 	 {AUCTEX A sophisticated TEX environment for Emacs},
  author = 	 {Kresten Krab Thorup and Per Abrahamsen and David Kastrup and others},
  organization = {Free Software Foundation, Inc.},
  edition = 	 {Version 11.88},
  month = 	 {10},
  year = 	 {2014}
}

% general information 
@Book{Gra,
  author = 	 {George Gr{\"a}tzer},
  title = 	 {Math into {{\LaTeX}}},
  publisher = 	 {Springer Science},
  year = 	 {1996},
  address = 	 {New York},
}

@Manual{InputencP,
  title = 	 {inputenc.sty},
  author = 	 {Alan Jeffrey and Frank Mittelbach},
  organization = {The {{\LaTeX}} project},
  address = 	 {\url{http://latex-project.org/}},
  edition = 	 {v1.2c},
  month = 	 {3.},
  year = 	 {2015}
}

@Manual{FontEnc,
  title = 	 {{{\LaTeX}} font encodings},
  author = 	 {Frank Mittelbach and Robin Fairbairns and Werner Lemberg},
  organization = {The {{\LaTeX{}3}}Project Team},
  month = 	 {2.},
  year = 	 {2016}
}

@Manual{FontSel,
  title = 	 {{{\LaTeX2\ensuremath{\varepsilon}}} font selection},
  author = 	 {The {{\LaTeX{}3}}Project Team},
  month = 	 {9.},
  year = 	 {2000}
}



@Manual{FixCmP,
  title = 	 {The fix-cm package},
  author = 	 {Walter Schmidt and Frank Mittelbach and David Carlisle and Chris Rowley},
  organization = {The {{\LaTeX}} Project Team},
  edition = 	 {v1.1t},
  month = 	 {1.},
  year = 	 {2015}
}

@Manual{AnyfontsizeP,
  title = 	 {The anyfontsize package},
  author = 	 {Péter Szabó},
  address = 	 {pts@fazekas.hu},
  month = 	 {2.},
  year = 	 {2007}
}

@Manual{SrcLtxP,
  title = 	 {srcltx.sty · srctex.sty},
  author = 	 {A. Simonic and S. Ulrich},
  address = 	 {stefanulrich@users.sourceforge.net},
  edition = 	 {v1.6},
  month = 	 {11.},
  year = 	 {2006}
}

@Manual{GeomP,
  title = 	 {The geometry package},
  author = 	 {Hideo Umeki},
  address = 	 {latexgeometry@gmail.com},
  month = 	 {9.},
  year = 	 {2010},
  edition = 	 {v5.6}
}

@Manual{MicroTyP,
  title = 	 {The microtype package},
  author = 	 {R. Schlicht},
  address = 	 {w.m.l@gmx.net},
  edition = 	 {v2.6a},
  month = 	 {5.},
  year = 	 {2016},
  annote = 	 {Subliminal refinements towards typographical perfection}
}

@Manual{HyperTextP,
  title = 	 {Hypertext marks in {{\LaTeX}}: a manual for hyperref},
  author = 	 {Sebastian Rahtz and Heiko Oberdiek},
  month = 	 {2.},
  year = 	 {2022}
}

%  address  is heiko.oberdiek at googlemail.com
@Manual{RerunFChkP,
  title = 	 {The rerunfilecheck package},
  author = 	 {Heiko Oberdiek},
  edition = 	 {v1.8},
  month = 	 {5.},
  year = 	 {2016}
}

@Manual{NagP,
  title = 	 {The nag package},
  author = 	 {Ulrich Michael Schwarz},
  organization = {absatzen},
  address = 	 {\url{http://absatzen.de/}, ulmi@absatzen.de},
  month = 	 {11.},
  year = 	 {2011},
  note = 	 {corresponds to nag 0.7, dated 2011/11/19. }
}

@Manual{IfPdfP,
  title = 	 {The ifpdf Package},
  key = 	 {Heiko Oberdieck},
  organization = {The {{\LaTeX}}3 project},
  address = 	 {\url{https://github.com/ho-tex/oberdiek/issues}},
  edition = 	 {v3.1},
  month = 	 {5.},
  year = 	 {2016},
  note = 	 {A re-implementation of Heiko Oberdiek's ifpdf package. }
}

@Manual{IfThenP,
  title = 	 {The ifthen package},
  author = 	 {David Carlisle},
  edition = 	 {v1.1c},
  month = 	 {9.},
  year = 	 {2014}
}

@Manual{IfXeTeXP,
  title = 	 {The ifxetex package},
  author = 	 {Will Robertson},
  address = 	 {wspr81@gmail.com},
  edition = 	 {v0.6},
  month = 	 {9.},
  year = 	 {2010}
}

@Manual{IfLuaTeXP,
  title = 	 {The ifluatex package},
  author = 	 {Heiko Oberdiek},
  address = 	 {heiko.oberdiek@googlemail.com},
  edition = 	 {v1.4},
  month = 	 {5.},
  year = 	 {2016}
}

@Manual{LongTabP,
  title = 	 {The longtable package},
  author = 	 {David Carlisle},
  edition = 	 {v4.09},
  month = 	 {5.},
  year = 	 {1998}
}

@Manual{BabelP,
  title = 	 {Babel},
  author = 	 {Javier Bezos and Johannes L. Braams},
  edition = 	 {Version 3.9r},
  month = 	 {4.},
  year = 	 {2016}
}

@Manual{ListingsP,
  title = 	 {The Listings Package},
  author = 	 {Jobst Hoffmann and Brooks Moses and Carsten Heinz},
  address = 	 {j.hoffmann(at)fh-aachen.de},
  edition = 	 {v1.6},
  month = 	 {6.},
  year = 	 {2015}
}

@Manual{BooktP,
  title = 	 {Publication quality tables in {{\LaTeX}}},
  author = 	 {Simon Fear},
  address = 	 {300A route de Meyrin, Meyrin, Switzerland},
  edition = 	 {v1.618033},
  month = 	 {4.},
  year = 	 {2016}
}

@Manual{FancyVerbP,
  title = 	 {The ‘fancyvrb’ package Fancy Verbatims in {{\LaTeX}}},
  author = 	 {Timothy Van Zandt},
  organization = {Princeton University},
  address = 	 {tvz@Princeton.EDU},
  edition = 	 {v2.8},
  month = 	 {5.},
  year = 	 {2010}
}

@Manual{PdfPriv,
  title = 	 {The pdfprivacy package},
  author = 	 {Laurens Sion},
  Optorganization = {Princeton University},
  address = 	 {laurens@sion.info},
  edition = 	 {v1.0},
  month = 	 {12.},
  year = 	 {2017}
}


% bib for latex2rtf 
@Misc{RtfGL,
  author = 	 {Georg Lehner},
  title = 	 {{LATEX2RTF} {A} converter from {{\LaTeX}} to {RTF}},
  howpublished = {manuscript},
  note = 	 {Edition 0.7.10 for program version 2.3.9}
}

% bib for chktex


@Manual{ChkTeX,
  title = 	 {ChkTEX v1.7.6},
  author = 	 {Jens T. Berger Thielemann},
  address = 	 {Jens Berger, Spektrumvn. 4, N-0666 Oslo, jensthi@ifi.uio.no},
  month = 	 {9.},
  year = 	 {2016}
}

% bib on dvi format and processors


@Misc{DviT,
  title = 	 {The {DVItype} processor},
  howpublished = {ftp://ftp.rrzn.uni-hannover.de/pub/mirror/tex-archive/systems/knuth/dist/texware/dvitype.web},
  month = 	 {12.},
  year = 	 {1995},
  note = 	 {A copy is within the documentation of this software}
}

@Misc{DviF,
  author = 	 {Ernst Rei\ss ner},
  title = 	 {The dvi format and the program dvitype},
  howpublished = {\url{http://www.simuline.eu/LatexMavenPlugin/dvi/dviFormat.pdf}},
  month = 	 {1.},
  year = 	 {2017}
}

@Manual{DviPdfMx,
  title = 	 {{D}vipdfm {U}ser{'}s {M}anual},
  author = 	 {Mark A. Wicks},
  month = 	 {9.},
  year = 	 {1999},
  note = 	 {Version 0.12.4b},
}

% bib on other output formats

@Manual{Pdf17,
  title = 	 {Document management — Portable document format — Part 1:
PDF 1.7},
  key = 	 {PDF 32000-1:2008},
  OPTauthor = 	 {},
  organization = { Adobe Systems Incorporated 2008 },
  OPTedition = 	 {},
  OPTmonth = 	 {},
  OPTyear = 	 {2008},
  OPTnote = 	 {},
  OPTannote = 	 {}
}


@Manual{Pdf1,
  title = 	 {Document management –
  Electronic document file format for long-term preservation –
  Part 1: Use of PDF 1.4 (PDF/A-1)},
  key = 	 {ISO 19005-1},
  OPTauthor = 	 {},
  organization = {International Organization for Standardization (ISO) },
  OPTedition = 	 {},
  OPTmonth = 	 {},
  OPTyear = 	 {2005},
  OPTnote = 	 {},
  OPTannote = 	 {}
}


@Manual{Pdf2,
  title = 	 {Document management –
  Electronic document file format for long-term preservation –
  Part 2: Use of ISO 32000-1 (PDF/A-2)},
  key = 	 {ISO 19005-2},
  OPTauthor = 	 {},
  organization = {International Organization for Standardization (ISO) },
  OPTedition = 	 {},
  OPTmonth = 	 {},
  OPTyear = 	 {2011},
  OPTnote = 	 {},
  OPTannote = 	 {}
}



@Manual{Pdf3,
  title = 	 {Document management —
  Electronic document file format for long-term preservation —
  Part 3: Use of ISO 32000-1 with support for embedded files (PDF/A-3)},
  key = 	 {ISO 19005-3},
  OPTauthor = 	 {},
  organization = {International Organization for Standardization (ISO) },
  OPTedition = 	 {},
  OPTmonth = 	 {},
  year = 	 {2012},
  OPTnote = 	 {},
  OPTannote = 	 {}
}

